@phdthesis{BauerThesis,
author = {Bauer, Michael},
school = {Stanford University, Palo Alto, CA},
title = {{Legion: Programming Distributed Heterogeneous Architectures with Logical Regions}},
year = {2014}
}

@inproceedings{ExtendingLogicalRegions,
  title={Structure slicing: Extending logical regions with fields},
  author={Bauer, Michael and Treichler, Sean and Slaughter, Elliott and Aiken, Alex},
  booktitle={Proceedings of the International Conference for High Performance Computing, Networking, Storage and Analysis},
  pages={845--856},
  month = {November},
  year={2014},
  organization={IEEE Press}
}

@inproceedings{LegionPaper,
 author = {Bauer, Michael and Treichler, Sean and Slaughter, Elliott and Aiken, Alex},
 title = {Legion: Expressing Locality and Independence with Logical Regions},
 booktitle = {Proceedings of the International Conference on High Performance Computing, Networking, Storage and Analysis},
 series = {SC '12},
 year = {2012},
 isbn = {978-1-4673-0804-5},
 location = {Salt Lake City, Utah},
 pages = {66:1--66:11},
 articleno = {66},
 numpages = {11},
 url = {http://dl.acm.org/citation.cfm?id=2388996.2389086},
 acmid = {2389086},
 publisher = {IEEE Computer Society Press},
 address = {Los Alamitos, CA, USA},
} 



## Programming Model
@inproceedings{DependentPartitioning,
 author = {Treichler, Sean and Bauer, Michael and Sharma, Rahul and Slaughter, Elliott and Aiken, Alex},
 title = {Dependent Partitioning},
 booktitle = {Proceedings of the 2016 ACM SIGPLAN International Conference on Object-Oriented Programming, Systems, Languages, and Applications},
 series = {OOPSLA 2016},
 year = {2016},
 isbn = {978-1-4503-4444-9},
 location = {Amsterdam, Netherlands},
 pages = {344--358},
 numpages = {15},
 url = {http://doi.acm.org/10.1145/2983990.2984016},
 doi = {10.1145/2983990.2984016},
 acmid = {2984016},
 publisher = {ACM},
 address = {New York, NY, USA},
 keywords = {Data partitioning, Legion, Regent, distributed memory, parallel execution, program verification},
} 

@article{LanguageSupport,
author = {Treichler, Sean and Bauer, Michael and Aiken, Alex},
doi = {10.1145/2544173.2509545},
isbn = {9781450323741},
issn = {03621340},
journal = {ACM SIGPLAN Notices},
month = {November},
number = {10},
pages = {495--514},
title = {{Language support for dynamic, hierarchical data partitioning}},
url = {http://dl.acm.org/citation.cfm?doid=2544173.2509545},
volume = {48},
year = {2013}
}

## Realm

@inproceedings{RealmIris,
author = {Jia, Zhihao and Watkins, Noah and Treichler, Sean and Maltzahn, Carlos and Shipman, Galen and McCormick, Patrick and Bauer, Michael and Aiken, Alex},
booktitle = {High Performance Computing (HiPC), 2017 IEEE 24th International Conference on},
doi = {10.1109/HiPC.2017.00043},
isbn = {978-1-5386-2293-3},
month = {December},
pages = {307--316},
publisher = {IEEE},
title = {{Integrating External Resources with a Task-Based Programming Model}},
url = {http://legion.stanford.edu/pdfs/hipc2017.pdf http://ieeexplore.ieee.org/document/8287762/},
year = {2017}
}

@inproceedings{Realm,
address = {New York, New York, USA},
author = {Treichler, Sean and Bauer, Michael and Aiken, Alex},
booktitle = {Proceedings of the 23rd international conference on Parallel architectures and compilation - PACT '14},
doi = {10.1145/2628071.2628084},
isbn = {9781450328098},
number = {December},
organization = {Stanford University},
pages = {263--276},
publisher = {ACM Press},
title = {{Realm: An event-based low-level runtime for distributed memory architectures}},
url = {http://dl.acm.org/citation.cfm?doid=2628071.2628084},
year = {2014}
}

@phdthesis{TreichlerThesis,
author = {Treichler, Sean Jeffrey},
school = {Stanford University, Palo Alto, CA},
title = {{Realm: Performance Portability through Composable Asynchrony}},
year = {2016}
}

## Regent

@phdthesis{SlaughterThesis,
author = {Slaughter, Elliott},
school = {Stanford University, Palo Alto, CA},
title = {{Regent: A High-Productivity Programming Language for HPC with Logical Regions}},
url = {http://legion.stanford.edu/pdfs/slaughter{\_}thesis.pdf},
year = {2017}
}

@inproceedings{regentPaper,
  title={Regent: a high-productivity programming language for HPC with logical regions},
  author={Slaughter, Elliott and Lee, Wonchan and Treichler, Sean and Bauer, Michael and Aiken, Alex},
  booktitle={High Performance Computing, Networking, Storage and Analysis, 2015 SC-International Conference for},
  pages={1--12},
  year={2015},
  organization={IEEE}
}

@inproceedings{Slaughter2017,
address = {New York, New York, USA},
author = {Slaughter, Elliott and Lee, Wonchan and Treichler, Sean and Zhang, Wen and Bauer, Michael and Shipman, Galen and McCormick, Patrick and Aiken, Alex},
booktitle = {Proceedings of the International Conference for High Performance Computing, Networking, Storage and Analysis on - SC '17},
doi = {10.1145/3126908.3126949},
isbn = {9781450351140},
keywords = {Compilers, Control replication,Legion,Regent,regions,task-based runtimes},
pages = {1--12},
publisher = {ACM Press},
title = {{Control Replication: Compiling Implicit Parallelism to Efficient SPMD with Logical Regions}},
url = {https://doi.org/10.1145/3126908.3126949 http://dl.acm.org/citation.cfm?doid=3126908.3126949},
year = {2017}
}

## Other DSLs
@inproceedings{singe,
  title={Singe: leveraging warp specialization for high performance on GPUs},
  author={Bauer, Michael and Treichler, Sean and Aiken, Alex},
  booktitle={ACM SIGPLAN Notices},
  volume={49},
  number={8},
  pages={119--130},
  year={2014},
  organization={ACM}
}

@inproceedings{mccormick2014exploring,
  title={Exploring the construction of a domain-aware toolchain for high-performance computing},
  author={McCormick, Patrick and Sweeney, Christine and Moss, Nick and Prichard, Dean and Gutierrez, Samuel K and Davis, Kei and Mohd-Yusof, Jamaludin},
  booktitle={Domain-Specific Languages and High-Level Frameworks for High Performance Computing (WOLFHPC), 2014 Fourth International Workshop on},
  pages={1--10},
  year={2014},
  organization={IEEE}
}

## Parallel Programming Models (other)
@inproceedings{sequoia,
  title={Sequoia: Programming the memory hierarchy},
  author={Fatahalian, Kayvon and Horn, Daniel Reiter and Knight, Timothy J and Leem, Larkhoon and Houston, Mike and Park, Ji Young and Erez, Mattan and Ren, Manman and Aiken, Alex and Dally, William J and others},
  booktitle={Proceedings of the 2006 ACM/IEEE conference on Supercomputing},
  pages={83},
  year={2006},
  organization={ACM}
}

@article{chapel,
  title={Parallel programmability and the chapel language},
  author={Chamberlain, Bradford L and Callahan, David and Zima, Hans P},
  journal={The International Journal of High Performance Computing Applications},
  volume={21},
  number={3},
  pages={291--312},
  year={2007},
  publisher={Sage Publications Sage UK: London, England}
}

@inproceedings{coArrayFortran,
  title={Co-Array Fortran for parallel programming},
  author={Numrich, Robert W and Reid, John},
  booktitle={ACM Sigplan Fortran Forum},
  volume={17},
  number={2},
  pages={1--31},
  year={1998},
  organization={ACM}
}

@inproceedings{DPJ,
  title={A type and effect system for deterministic parallel Java},
  author={Bocchino Jr, Robert L and Adve, Vikram S and Dig, Danny and Adve, Sarita V and Heumann, Stephen and Komuravelli, Rakesh and Overbey, Jeffrey and Simmons, Patrick and Sung, Hyojin and Vakilian, Mohsen},
  booktitle={ACM Sigplan Notices},
  volume={44},
  number={10},
  pages={97--116},
  year={2009},
  organization={ACM}
}

@inproceedings{RC,
  title={Language support for regions},
  author={Gay, David and Aiken, Alex},
  booktitle={ACM Sigplan Notices},
  volume={36},
  number={5},
  pages={70--80},
  year={2001},
  organization={ACM}
}

@article{Jade,
  title={The design, implementation, and evaluation of Jade},
  author={Rinard, Martin C and Lam, Monica S},
  journal={ACM Transactions on Programming Languages and Systems (TOPLAS)},
  volume={20},
  number={3},
  pages={483--545},
  year={1998},
  publisher={ACM}
}

@inproceedings{SSMP,
  title={Handling task dependencies under strided and aliased references},
  author={Perez, Josep M and Badia, Rosa M and Labarta, Jesus},
  booktitle={Proceedings of the 24th ACM International Conference on Supercomputing},
  pages={263--274},
  year={2010},
  organization={ACM}
}

## Other
@book{hawkins2011data,
  title={Data representation synthesis},
  author={Hawkins, Peter and Aiken, Alex and Fisher, Kathleen and Rinard, Martin and Sagiv, Mooly},
  volume={46},
  number={6},
  year={2011},
  publisher={ACM}
}

@inproceedings{Terra,
  title={Terra: a multi-stage language for high-performance computing},
  author={DeVito, Zachary and Hegarty, James and Aiken, Alex and Hanrahan, Pat and Vitek, Jan},
  booktitle={ACM SIGPLAN Notices},
  volume={48},
  number={6},
  pages={105--116},
  year={2013},
  organization={ACM}
}

@inproceedings{TerraDesign,
  title={The Design of Terra: Harnessing the best features of high-level and low-level languages},
  author={DeVito, Zachary and Hanrahan, Pat},
  booktitle={LIPIcs-Leibniz International Proceedings in Informatics},
  volume={32},
  year={2015},
  organization={Schloss Dagstuhl-Leibniz-Zentrum fuer Informatik}
}

@phdthesis{lattner2002llvm,
  title={LLVM: An infrastructure for multi-stage optimization},
  author={Lattner, Chris Arthur},
  year={2002},
  school={University of Illinois at Urbana-Champaign}
}

@article{lua,
  title={Lua-an extensible extension language},
  author={Ierusalimschy, Roberto and De Figueiredo, Luiz Henrique and Celes Filho, Waldemar},
  journal={Softw., Pract. Exper.},
  volume={26},
  number={6},
  pages={635--652},
  year={1996},
  publisher={Citeseer}
}

@article{ferenbaugh2015pennant,
  title={PENNANT: an unstructured mesh mini-app for advanced architecture research},
  author={Ferenbaugh, Charles R},
  journal={Concurrency and Computation: Practice and Experience},
  volume={27},
  number={17},
  pages={4555--4572},
  year={2015},
  publisher={Wiley Online Library}
}

@article{DOKULIL2015,
 author = {Dokulil, Jiri and Benkner, Siegfried},
 title = {Retargeting of the Open Community Runtime to Intel Xeon Phi},
 journal = {Procedia Comput. Sci.},
 issue_date = {September 2015},
 volume = {51},
 number = {C},
 month = sep,
 year = {2015},
 issn = {1877-0509},
 pages = {1453--1462},
 numpages = {10},
 url = {https://doi.org/10.1016/j.procs.2015.05.335},
 doi = {10.1016/j.procs.2015.05.335},
 acmid = {3142910},
 publisher = {Elsevier Science Publishers B. V.},
 address = {Amsterdam, The Netherlands, The Netherlands},
 keywords = {Intel Xeon Phi, Open Community Runtime, programming models, runtime systems},
} 

@article{gingold1977smoothed,
  title={Smoothed particle hydrodynamics: theory and application to non-spherical stars},
  author={Gingold, Robert A and Monaghan, Joseph J},
  journal={Monthly notices of the royal astronomical society},
  volume={181},
  number={3},
  pages={375--389},
  year={1977},
  publisher={Oxford University Press Oxford, UK}
}

@article{monaghan1985refined,
  title={A refined particle method for astrophysical problems},
  author={Monaghan, Joseph J and Lattanzio, John C},
  journal={Astronomy and astrophysics},
  volume={149},
  pages={135--143},
  year={1985}
}

@incollection{papi,
  title={Collecting performance data with PAPI-C},
  author={Terpstra, Dan and Jagode, Heike and You, Haihang and Dongarra, Jack},
  booktitle={Tools for High Performance Computing 2009},
  pages={157--173},
  year={2010},
  publisher={Springer}
}